% Encoding: UTF-8
@phdthesis{ref_model_cn,
  title={FitzHugh-Nagumo-Rinzel模型的分支分析},
  author={姚思佳},
  school={华南理工大学},
  year={2014},
  address={广东},
}
@article{rush1994analysis,
    author="Rush, Maureen E.and Rinzel, John",
    title="Analysis of bursting in a thalamic neuron model",
    journal="Biological Cybernetics",
    year="1994",
    volume="71",
    number="4",
    pages="281--291",
    publisher={Springer},
}
@article{1rossetto1998slow,
    author = {Rossetto, Bruno and Lenzini, Thierry and Ramdani, Sofiane and Suchey, Gilles},
    title = {Slow-Fast Autonomous Dynamical Systems},
    journal = {International Journal of Bifurcation and Chaos},
    volume = {08},
    number = {11},
    pages = {2135-2145},
    year = {1998},
    publisher={World Scientific},
}
@article{2ramdani2000slow,
    title={Slow manifolds of some chaotic systems with applications to laser systems},
    author={Ramdani, Sofiane and Rossetto, Bruno and Chua, Leon O and Lozi, Ren{\'e}},
    journal={International Journal of Bifurcation and Chaos},
    volume={10},
    number={12},
    pages={2729--2744},
    year={2000},
    publisher={World Scientific},
}
@article{3Cai2006Slow,
    title={Slow manifolds of {L}orenz-{H}aken system and its application},
    author={Cai, Guoliang and Tian, Lixin and Huang, Juanjuan},
    journal={International Journal of Nonlinear Science},
    volume={1},
    number={2},
    pages={1479-3889},
    year={2006},
}
@article{6bertram2016multi,
    author = "Richard Bertram and Jonathan E. Rubin",
    title = "Multi-timescale systems and fast-slow analysis",
    journal = "Mathematical Biosciences",
    volume = "287",
    pages = "105 - 121",
    year = "2017",
    publisher={Elsevier},
}
@Book{7kuehn2015multiple,
    title     = {Multiple Time Scale Dynamics},
    year      = {2015},
    author    = {Kuehn, Christian},
    volume    = {191},
    publisher = {Springer},
}
@book{8jackson1989perspectives,
    title={Perspectives of nonlinear dynamics},
    author={Jackson, E Atlee},
    volume={1},
    year={1989},
    publisher={Cambridge:Cambridge Univ Press}
}
@article{11cdh2011,
    title={耦合Hindmarsh-Rose神经元的同步放电模式及转迁},
    author={翟德红 and 段利霞 and 陆启韶},
    journal={动力学与控制学报},
    volume={09},
    number={3},
    pages={202-206},
    year={2011},
}
@inbook{12Dumortier1993Techniques,
    author="Dumortier, Freddy",
    title="Techniques in the Theory of Local Bifurcations: Blow-Up, Normal Forms, Nilpotent Bifurcations, Singular Perturbations",
    bookTitle="Bifurcations and Periodic Orbits of Vector Fields",
    year="1993",
    address="Dordrecht",
    pages="19--73",
    publisher="Springer",
}
@inbook{14wojcik2015voltage,
    author="Wojcik, Jeremy and Shilnikov, Andrey",
    title="Voltage Interval Mappings for an Elliptic Bursting Model",
    bookTitle="Nonlinear Dynamics New Directions: Models and Applications",
    year="2015",
    address="Cham",
    pages="195--213",
    publisher="Springer",
}
@book{16guckenheimer2013nonlinear,
    title={Nonlinear Oscillations, Dynamical Systems and Bifurcations of Vector Fields},
    author={Guckenheimer,John and Holmes, Philip},
    year={1983},
    volume={42},
    publisher={Springer},
}
@article{17Mishchenko1980Differential,
    title={Differential Equations with Small Parameters and Relaxation Oscillations},
    author={Mishchenko, E. F. and Rozov, N. Kh.},
    journal={Mathematical Concepts \& Methods in Science \& Engineering},
    volume={13},
    year={1980},
    publisher={Springer}
}
@article{18desroches2011canards,
    author = {Desroches, Mathieu and Jeffrey, Mike R.},
    title = {Canards and Curvature: the `smallness of $\varepsilon$' in Slow-Fast Dynamics},
    volume={467},
    pages={2404-2421},
    year = {2011},
    journal = {Proceedings of the Royal Society of London A: Mathematical, Physical and Engineering Sciences},
    publisher = {The Royal Society},
}
@article{20KRUPA2001312,
    title = "Relaxation Oscillation and Canard Explosion",
    journal = "Journal of Differential Equations",
    volume = "174",
    number = "2",
    pages = "312 - 368",
    year = "2001",
    author = "M. Krupa and P. Szmolyan",
    publisher={Elsevier},
}
@article{21MKN,
    author = {Martin Krupa and Nikola Popović and Nancy Kopell},
    title = {Mixed-Mode Oscillations in Three Time-Scale Systems: A Prototypical Example},
    journal = {SIAM Journal on Applied Dynamical Systems},
    volume = {7},
    number = {2},
    pages = {361-420},
    year = {2008},
    publisher = {SIAM},
}
@phdthesis{22jm,
    title={分数阶微分方程理论分析与应用问题的研究},
    author={蒋敏},
    address={成都},
    school={电子科技大学},
    year={2015},
}
@article{282013L,
    title={Lü系统的慢流形分析},
    author={李娜 and 俞卫琴 and 李路},
    journal={数学的实践与认识},
    volume={43},
    number={9},
    pages={219-223},
    year={2013},
}
@article{29zy,
    title={快慢型Lorenz系统的非线性动力学研究},
    author={张勇 and 付木亮 and 张付臣},
    journal={西南大学学报(自然科学版)},
    volume={37},
    number={7},
    pages={117-121},
    year={2015},
}
@article{31scherer2011grunwald,
    title={The Gr{\"u}nwald--Letnikov method for fractional differential equations},
    journal = "Computers \& Mathematics with Applications",
    volume = "62",
    number = "3",
    pages = "902 - 917",
    year = "2011",
    author = "Rudolf Scherer and Shyam L. Kalla and Yifa Tang and Jianfei Huang",
    publisher={Elsevier}
}
@phdthesis{32xjy,
    title={几类分数阶微分方程的数值方法研究},
    author={肖静宇},
    address={哈尔滨},
    school={哈尔滨工业大学},
    year={2013},
}
@article{33xu2011short,
    title = "The short memory principle for solving Abel differential equation of fractional order",
    journal = "Computers \& Mathematics with Applications",
    volume = "62",
    number = "12",
    pages = "4796 - 4805",
    year = "2011",
    author = "Yufeng Xu and Zhimin He",
    publisher={Elsevier}
}
@article{34xiao2003parameter,
    title={Parameter identification and backstepping control of uncertain L{\"u} system},
    journal={Chaos, Solitons \& Fractals},
    volume = "18",
    number = "4",
    pages = "721 - 729",
    year = "2003",
    author = "Wu Xiao Qun and Lu Jun An",
    publisher={Elsevier},
}
@article{35lu2006chaotic,
    title={Chaotic dynamics of the fractional-order L{\"u} system and its synchronization},
    journal = "Physics Letters A",
    volume = "354",
    number = "4",
    pages = "305 - 311",
    year = "2006",
    author = "Jun Guo Lu",
    publisher={Elsevier},
}
@article{36xie2017dynamic,
    title = "Dynamic preserving method with changeable memory length of fractional-order chaotic system",
    journal = "International Journal of Non-Linear Mechanics",
    volume = "92",
    pages = "59 - 65",
    year = "2017",
    issn = "0020-7462",
    doi = "https://doi.org/10.1016/j.ijnonlinmec.2017.03.017",
    author = "Wenxian Xie and Jianwen Xu and Li Cai and Zifei Lin",
    keywords = "Nonstandard finite difference, Fractional derivatives, Changeable memory length, Lü system",
    publisher={Elsevier},
}
@article{37trenvcevski2002fractional,
    title={On fractional derivatives of some functions of exponential type},
    author={Tren{\v{c}}evski, Kostadin and Tomovski, {\v{Z}}ivorad},
    journal={Publikacije Elektrotehni{\v{c}}kog fakulteta. Serija Matematika},
    pages={77--84},
    year={2002},
    publisher = {University of Belgrade, Serbia},
}
@Book{38khalil1996noninear,
    title={Noninear Systems},
    author={Khalil, Hassan K},
    publisher={Prentice-Hall, New Jersey},
    volume={2},
    number={5},
    pages={5--1},
    year={1996},
}
@article{39tavazoei2008chaotic,
    title = "Chaotic attractors in incommensurate fractional order systems",
    journal = "Physica D: Nonlinear Phenomena",
    volume = "237",
    number = "20",
    pages = "2628 - 2637",
    year = "2008",
    issn = "0167-2789",
    doi = "https://doi.org/10.1016/j.physd.2008.03.037",
    author = "Mohammad Saleh Tavazoei and Mohammad Haeri",
    keywords = "Fractional order system, Incommensurate order systems, Chaos, Chaotic attractor",
    publisher={Elsevier},
}
@book{40lbz,
    title={非线性动力学},
    author={刘秉正 and 彭建华},
    publisher={高等教育出版社},
    year={2004},
}
@article{41Mickens,
    author = { Ronald E. Mickens },
    title = {Nonstandard Finite Difference Schemes for Differential Equations},
    journal = {Journal of Difference Equations and Applications},
    volume = {8},
    number = {9},
    pages = {823-847},
    year  = {2002},
    doi={https://doi.org/10.1080/1023619021000000807},
    publisher = {Taylor \& Francis},
}
@article{11zgy,
    title={含时滞的快-慢耦合系统的动力学研究进展},
    author={郑远广 and 王在华},
    journal={力学进展},
    volume={41},
    number={4},
    pages={400-410},
    year={2011},
}
@conference{12jsy,
    title={时滞耦合弹性关节系统中的快慢动力学行为及其分岔分析},
    author={蒋扇英 and 徐鉴},
    booktitle={全国非线性动力学和运动稳定性学术会议},
    pages={1},
    year={2013},
}
@article{13valorani2001explicit,
    title = "Explicit Time-Scale Splitting Algorithm for Stiff Problems: Auto-ignition of Gaseous Mixtures behind a Steady Shock",
    journal = "Journal of Computational Physics",
    volume = "169",
    number = "1",
    pages = "44 - 79",
    year = "2001",
    issn = "0021-9991",
    doi = "https://doi.org/10.1006/jcph.2001.6709",
    author = "Mauro Valorani and Dimitrios A. Goussis",
    publisher="Elsevier",
}
@article{14zml,
    title={奇异摄动理论研究的一些新动态和热点方向},
    author={周明儒},
    journal={应用数学与计算数学学报},
    volume={29},
    number={3},
    pages={257-268},
    year={2015},
}
@article{15Tihonov1952Systems,
    title={Systems of differential equations containing small parameters in the derivatives},
    author={Tikhonov, Andrei Nikolaevich},
    journal={Matematicheskii sbornik},
    volume={31},
    number={73},
    pages={575--586},
    year={1952},
    publisher={Russian Academy of Sciences, Steklov Mathematical Institute of Russian Academy of Sciences}
}
@article{16fenichel1974asymptotic,
    title={Asymptotic stability with rate conditions},
    author={Neil, Fenichel},
    journal={Indiana University Mathematics Journal},
    volume={23},
    number={12},
    pages={1109--1137},
    year={1974},
    publisher={JSTOR},
}
@book{17jones1995geometric,
    author="Jones, Christopher K. R. T.",
    title="Geometric singular perturbation theory",
    bookTitle="Dynamical Systems: Lectures Given at the 2nd Session of the Centro Internazionale Matematico Estivo (C.I.M.E.) held in Montecatini Terme, Italy, June 13--22, 1994",
    year="1995",
    pages="44--118",
    doi="10.1007/BFb0095239",
    publisher="Springer",
}
@article{19Schecter2008Exchange,
    title = "Exchange lemmas 1: Deng's lemma",
    journal = "Journal of Differential Equations",
    volume = "245",
    number = "2",
    pages = "392 - 410",
    year = "2008",
    issn = "0022-0396",
    doi = "https://doi.org/10.1016/j.jde.2007.08.011",
    author = "Stephen Schecter",
    keywords = "Geometric singular perturbation theory, Normally hyperbolic invariant manifold",
    publisher="Elsevier",
}
@article{110Fenichel1972Persistence,
    title={Persistence and smoothness of invariant manifolds for flows},
    author={Neil, Fenichel and J. K. Moser },
    journal={Indiana University Mathematics Journal},
    volume={21},
    number={3},
    pages={193-226},
    year={1972},
    publisher={JSTOR},
}
@article{111Fenichel1977Asymptotic,
    title={Asymptotic stability with rate conditions \uppercase\expandafter{\romannumeral2}},
    author={Neil, Fenichel},
    journal={Indiana University Mathematics Journal},
    volume={26},
    number={1},
    pages={81-93},
    year={1977},
    publisher={JSTOR},
}
@inbook{112rinzel1985ordinary,
    author="Rinzel, John",
    title="Bursting oscillations in an excitable membrane model",
    bookTitle="Ordinary and Partial Differential Equations",
    year="1985",
    pages="304--316",
    doi="10.1007/BFb0074739",
    publisher="Springer",
}
@article{113Li2014Canard,
    title = "Canard phenomenon for an SIS epidemic model with nonlinear incidence",
    journal = "Journal of Mathematical Analysis \& Applications",
    volume = "420",
    number = "2",
    pages = "987 - 1004",
    year = "2014",
    doi = "https://doi.org/10.1016/j.jmaa.2014.06.035",
    author = "Chengzhi Li and Jianquan Li and Zhien Ma and Huanping Zhu",
    keywords = "SIS model, Bifurcations, Slow–fast dynamics, Canard cycle",
    publisher="Elsevier",
}
@article{114piltz2017predator,
    author = {Sofia H. Piltz and Frits Veerman and Philip K. Maini and Mason A. Porter},
    title = {A Predator--2 Prey Fast--Slow Dynamical System for Rapid Predator Evolution},
    journal = {SIAM Journal on Applied Dynamical Systems},
    volume = {16},
    number = {1},
    pages = {54-90},
    year = {2017},
    publisher = {SIAM},
}
@phdthesis{115lxh,
    title={不同时间尺度耦合化学振荡反应的非线性分析},
    author={李向红},
    address={江苏},
    school={江苏大学},
    year={2013},
}
@article{116O2008Singularly,
    author = {Robert E. O'Malley,,  Jr.},
    title = {Singularly Perturbed Linear Two-Point Boundary Value Problems},
    journal = {SIAM Review},
    volume = {50},
    number = {3},
    pages = {459-482},
    year = {2008},
    doi = {10.1137/060662058},
    publisher = {SIAM},
}
@article{117Maesschalck2010Singular,
    title = "Singular perturbations and vanishing passage through a turning point",
    journal = "Journal of Differential Equations",
    volume = "248",
    number = "9",
    pages = "2294 - 2328",
    year = "2010",
    doi = "https://doi.org/10.1016/j.jde.2009.11.009",
    author = "P. De Maesschalck and F. Dumortier",
    keywords = "Slow–fast cycle, Turning point, Singular perturbations, Canards, Blow-up",
    publisher="Elsevier",
}
@article{120chang1969two,
    title={Two problems in singular perturbations of differential equations},
    author={Chang, KW},
    journal={Journal of the Australian Mathematical Society},
    volume={10},
    number={1-2},
    pages={33--50},
    year={1969},
    publisher={Cambridge University Press}
}

@Article{121fenichel1983oscillatory,
    author = {Neil Fenichel},
    title = {Oscillatory Bifurcations in Singular Perturbation Theory, II. Fast Oscillations},
    journal = {SIAM Journal on Mathematical Analysis},
    volume = {14},
    number = {5},
    pages = {868-874},
    year = {1983},
    doi = {10.1137/0514068},
    publisher = {SIAM},
}

@Article{122fenichel1985global,
    author = {Neil Fenichel},
    title = {Global Uniqueness in Geometric Singular Perturbation Theory},
    journal = {SIAM Journal on Mathematical Analysis},
    volume = {16},
    number = {1},
    pages = {1-6},
    year = {1985},
    doi = {10.1137/0516001},
    publisher = {SIAM},
}

@Article{123jiang2009complex,
    title = "Complex dynamics in a food chain with slow and fast processes",
    journal = "Chaos, Solitons \& Fractals",
    volume = "42",
    number = "5",
    pages = "3160 - 3168",
    year = "2009",
    doi = "https://doi.org/10.1016/j.chaos.2009.04.050",
    author = "Yongxin Jiang and Jianping Yang",
    publisher = {Elsevier},
}

@Article{124kristiansen2012persistence,
    author = {K. Uldall Kristiansen and P. Palmer and R. M. Roberts},
    title = {The Persistence of a Slow Manifold with Bifurcation},
    journal = {SIAM Journal on Applied Dynamical Systems},
    volume = {11},
    number = {2},
    pages = {661-683},
    year = {2012},
    doi = {10.1137/110820671},
    publisher = {SIAM},
}

@Article{125Kristiansen2013Exponential,
    author  = {Kristiansen, Kristian Uldall and Wulfff, Claudia},
    title   = {Exponential estimates of slow manifolds},
    journal = {ArXiv e-prints},
    year    = {2012},
}

@Article{126wqy,
    author  = {王青云 and 张红慧},
    title   = {生物神经元系统同步转迁动力学问题},
    journal = {力学进展},
    year    = {2013},
    volume  = {43},
    number  = {1},
    pages   = {149-162},
}

@Article{127lx,
    author  = {李旭 and 张正娣 and 毕勤胜},
    title   = {两时间尺度下非光滑广义蔡氏电路系统的簇发振荡机理},
    journal = {物理学报},
    year    = {2013},
    volume  = {62},
    issue  = {22},
    pages   = {40-48},
}

@PhdThesis{128zsz,
    author = {张苏珍},
    title  = {三时间尺度分段线性系统的动力学行为及其机理分析},
    address={江苏},
    school = {江苏大学},
    year   = {2016},
}

@Article{131Li2013Fast,
    title = "Fast and Slow dynamics of Malaria model with relapse",
    journal = "Mathematical Biosciences",
    volume = "246",
    number = "1",
    pages = "94 - 104",
    year = "2013",
    doi = "https://doi.org/10.1016/j.mbs.2013.08.004",
    author = "Jun Li and Yulin Zhao and Shimin Li",
    keywords = "Disease ecology, Singular Perturbation Theory, Multiple scales",
    publisher = "Elsevier",
}

@Article{13ref_model_en,
    title = "Voltage interval mappings for activity transitions in neuron models for elliptic bursters",
    journal = "Physica D: Nonlinear Phenomena",
    volume = "240",
    number = "14",
    pages = "1164 - 1180",
    year = "2011",
    doi = "https://doi.org/10.1016/j.physd.2011.04.003",
    author = "Jeremy Wojcik and Andrey Shilnikov",
    keywords = "Poincaré mapping, Elliptic, Bursting, Neuron model, Bifurcation, Periodic orbit",
    publisher = "Elsevier",
}

@Book{5berglund2006noise,
    title     = {Noise-induced phenomena in slow-fast dynamical systems: a sample-paths approach},
    publisher = {Springer},
    year      = {2006},
    author    = {Berglund, Nils and Gentz, Barbara},
}

@Article{4fenichel1979geometric,
    title = "Geometric singular perturbation theory for ordinary differential equations",
    journal = "Journal of Differential Equations",
    volume = "31",
    number = "1",
    pages = "53 - 98",
    year = "1979",
    doi = "https://doi.org/10.1016/0022-0396(79)90152-9",
    author = "Neil Fenichel",
    publisher = "Elsevier",
}

@Article{9yzq,
    author  = {杨卓琴 and 张璇},
    title   = {三个不同时间尺度的电耦合模型的组合簇放电},
    journal = {物理学报},
    year    = {2013},
    volume  = {62},
    number  = {17},
    pages   = {112-119},
}

@Article{10yss2015Pre,
    author  = {袁丹丹 and 陈汐 and 段利霞},
    title   = {Pre-Botzinger 复合体中耦合神经元簇同步模式及转迁的分岔分析},
    journal = {动力学与控制学报},
    year    = {2015},
    volume  = {13},
    number  = {4},
    pages   = {266--270},
}

@Article{15de2014three,
    author="De  Maesschalck, P. and Kutafina, E. and Popovi{\'{c}}, N.",
    title="Three Time-Scales In An Extended Bonhoeffer--Van Der Pol Oscillator",
    journal="Journal of Dynamics and Differential Equations",
    year="2014",
    volume="26",
    number="4",
    pages="955--987",
    doi="10.1007/s10884-014-9356-3",
    publisher = {Springer},
}

@Article{26Shi2014Abundant,
    title = "Abundant bursting patterns of a fractional-order Morris–Lecar neuron model",
    journal   = {Communications in Nonlinear Science \& Numerical Simulation},
    volume = "19",
    number = "6",
    pages = "1956 - 1969",
    year = "2014",
    doi = "https://doi.org/10.1016/j.cnsns.2013.10.032",
    author = "Min Shi and Zaihua Wang",
    keywords = "Fractional-order derivative, Morris–Lecar neuron model, Fast-slow system, Bursting, Bifurcation",
    publisher = {Elsevier},
}

@Article{27Kaslik2016Analysis,
    title={Analysis of two-and three-dimensional fractional-order Hindmarsh-Rose type neuronal models},
    author={Kaslik, Eva},
    journal={Fractional Calculus and Applied Analysis},
    volume={20},
    number={3},
    pages={623--645},
    year={2017},
    publisher={De Gruyter}
}

@Article{1101Broer2013Geometric,
    author="Broer, Henk W. and Kaper, Tasso J. and Krupa, Martin",
    title="Geometric Desingularization of a Cusp Singularity in Slow--Fast Systems with Applications to Zeeman's Examples",
    journal="Journal of Dynamics and Differential Equations",
    year="2013",
    volume="25",
    number="4",
    pages="925--958",
    doi="10.1007/s10884-013-9322-5",
    publisher = {Springer},
}

@Article{1102Schecter2010Heteroclinic,
    author="Schecter, Stephen and Sourdis, Christos",
    title="Heteroclinic Orbits in Slow--Fast Hamiltonian Systems with Slow Manifold Bifurcations",
    journal="Journal of Dynamics and Differential Equations",
    year="2010",
    volume="22",
    number="4",
    pages="629--655",
    doi="10.1007/s10884-010-9171-4",
    publisher = {Springer},
}

@Article{1103Kuehn2015Multiscale,
    author="Kuehn, Christian and Szmolyan, Peter",
    title="Multiscale Geometry of the Olsen Model and Non-classical Relaxation Oscillations",
    journal="Journal of Nonlinear Science",
    year="2015",
    volume="25",
    number="3",
    pages="583--629",
    doi="10.1007/s00332-015-9235-z",
    publisher = {Springer},
}
@mastersthesis{1104lcs2005blow,
    title={Blow-up 方法在神经元方程中的应用},
    author={李晨松},
    year={2005},
    address={内蒙古},
    school={内蒙古大学},
}
@book{11042Mickens2000Applications,
    title={Applications of nonstandard finite difference schemes},
    author={Mickens, Ronald E.},
    publisher={World Scientific},
    year={2000},
}
@book{11043Mickens2005Advances,
    title={Advances in the applications of nonstandard finite difference schemes},
    author={Mickens, Ronald E.},
    publisher={World Scientific},
    year={2005},
}
@article{11044MOADDY20111209,
    title = "The non-standard finite difference scheme for linear fractional PDEs in fluid mechanics",
    journal = "Computers \& Mathematics with Applications",
    volume = "61",
    number = "4",
    pages = "1209 - 1216",
    year = "2011",
    doi = "https://doi.org/10.1016/j.camwa.2010.12.072",
    author = "K. Moaddy and S. Momani and I. Hashim",
    keywords = "Non-standard finite difference schemes, Fractional differential equations, Telegraph equation, Wave equation, Burgers equation",
    publisher = {Elsevier},
}
@article{11045MOADDY20123329,
    title = "The fractional-order modeling and synchronization of electrically coupled neuron systems",
    journal = "Computers \& Mathematics with Applications",
    volume = "64",
    number = "10",
    pages = "3329 - 3339",
    year = "2012",
    doi = "https://doi.org/10.1016/j.camwa.2012.01.005",
    author = "K. Moaddy and A.G. Radwan and K.N. Salama and S. Momani and I. Hashim",
    keywords = "Non-standard finite deference scheme, Fractional differential equation, Chaotic synchronization, Neuron system",
    publisher = {Elsevier},
}
@Article{Rinaldi2000,
    author="Rinaldi, Sergio and Scheffer, Marten",
    title="Geometric Analysis of Ecological Models with Slow and Fast Processes",
    journal="Ecosystems",
    year="2000",
    volume="3",
    number="6",
    pages="507--521",
    doi="10.1007/s100210000045",
    publisher = {Springer},
}
@article{nmk006,
  title={奇摄动问题中的空间对照结构},
  author={倪明康},
  journal={华东师范大学学报(自然科学版)},
  volume={2006},
  number={1},
  pages={1-12},
  year={2006},
}
@article{hou2016stability,
  title={Stability and slow-fast oscillation in fractional-order Belousov-Zhabotinsky reaction with two time scales.},
  author={Hou, Jingyu and Li, Xianghong and Chen, Jufeng},
  journal={Journal of Vibroengineering},
  volume={18},
  number={7},
  year={2016}
}
@article{kingni2014bursting,
  title={Bursting generation mechanism in a three-dimensional autonomous system, chaos control, and synchronization in its fractional-order form},
  author={Kingni, Sifeu Takougang and Ngueuteu, Gervais Serge Mbouna and Woafo, Paul},
  journal={Nonlinear Dynamics},
  volume={76},
  number={2},
  pages={1169--1183},
  year={2014},
  publisher={Springer}
}
@article{xie2014firing,
  title={Firing properties and synchronization rate in fractional-order Hindmarsh-Rose model neurons},
  author={Xie, Yong and Kang, YanMei and Liu, Yong and Wu, Ying},
  journal={Science China Technological Sciences},
  volume={57},
  number={5},
  pages={914--922},
  year={2014},
  publisher={Springer}
}
@article{meerschaert2004finite,
  title={Finite difference approximations for fractional advection--dispersion flow equations},
  author={Meerschaert, Mark M and Tadjeran, Charles},
  journal={Journal of Computational and Applied Mathematics},
  volume={172},
  number={1},
  pages={65--77},
  year={2004},
  publisher={Elsevier}
}
@article{odibat2006application,
  title={Application of variational iteration method to nonlinear differential equations of fractional order},
  author={Odibat, ZM and Momani, Shaher},
  journal={International Journal of Nonlinear Sciences and Numerical Simulation},
  volume={7},
  number={1},
  pages={27--34},
  year={2006}
}
@article{diethelm2002predictor,
  title={A predictor-corrector approach for the numerical solution of fractional differential equations},
  author={Diethelm, Kai and Ford, Neville J and Freed, Alan D},
  journal={Nonlinear Dynamics},
  volume={29},
  number={1-4},
  pages={3--22},
  year={2002}
}
@article{scy,
  title={一种分数阶导数阻尼下随机振动结构的数值模拟方法},
  author={孙春艳 and 徐伟},
  journal={科学技术与工程},
  number={11},
  volume={13},
  pages={3053--3058},
  year={2013}
}
@book{podlubny1998fractional,
  title={Fractional differential equations: an introduction to fractional derivatives, fractional differential equations, to methods of their solution and some of their applications},
  author={Podlubny, Igor},
  volume={198},
  year={1998},
  publisher={Academic press}
}
@article{deng2007short,
  title={Short memory principle and a predictor--corrector approach for fractional differential equations},
  author={Deng, Weihua},
  journal={Journal of Computational and Applied Mathematics},
  volume={206},
  number={1},
  pages={174--188},
  year={2007},
  publisher={Elsevier}
}
@article{ford2001numerical,
  title={The numerical solution of fractional differential equations: speed versus accuracy},
  author={Ford, Neville J and Simpson, A Charles},
  journal={Numerical Algorithms},
  volume={26},
  number={4},
  pages={333--346},
  year={2001},
  publisher={Springer}
}
@article{alvarez2011survey,
  title={A survey on the blow up technique},
  author={{\'A}lvarez, Mar{\'\i}a Jes{\'u}s and Ferragut, Antoni and Jarque, Xavier},
  journal={International Journal of Bifurcation and Chaos},
  volume={21},
  number={11},
  pages={3103--3118},
  year={2011},
  publisher={World Scientific}
}

@Comment{jabref-meta: databaseType:bibtex;}
